@book{cover2006elements,
  title={Elements of Information Theory},
  author={Cover, T.M. and Thomas, J.A.},
  isbn={9780471241959},
  lccn={2005047799},
  series={A Wiley-Interscience publication},
  url={https://books.google.it/books?id=j0DBDwAAQBAJ},
  year={2006},
  publisher={Wiley}
}

@book{mackay2003information,
  title={Information theory, inference and learning algorithms},
  author={MacKay, David JC},
  year={2003},
  publisher={Cambridge university press}
}

